@inproceedings{chen2007geotracker,
  title={Geotracker: geospatial and temporal RSS navigation},
  author={Chen, Yih-Farn Robin and Di Fabbrizio, Giuseppe and Gibbon, David and Jora, Serban and Renger, Bernard and Wei, Bin},
  booktitle={Proceedings of the 16th international conference on World Wide Web},
  pages={41--50},
  year={2007},
  organization={ACM}
}

@inproceedings{heer2005vizster,
  title={Vizster: Visualizing online social networks},
  author={Heer, Jeffrey and Boyd, Danah},
  booktitle={IEEE Symposium on Information Visualization, 2005. INFOVIS 2005.},
  pages={32--39},
  year={2005},
  organization={IEEE}
}

@book{maceachren1995maps,
  title={How maps work: representation, visualization, and design},
  author={MacEachren, Alan M},
  year={1995},
  publisher={Guilford Press}
}

@inproceedings{berthold2008supporting,
  title={Supporting creativity: Towards associative discovery of new insights},
  author={Berthold, Michael R and Dill, Fabian and K{\"o}tter, Tobias and Thiel, Kilian},
  booktitle={Pacific-Asia Conference on Knowledge Discovery and Data Mining},
  pages={14--25},
  year={2008},
  organization={Springer}
}

@misc{mining2006exploring,
  title={Exploring Hyperlinks, Contents and Usage Data},
  author={Mining, Bing Liu Web Data},
  year={2006},
  publisher={Springer}
}

@article{page1999pagerank,
  title={The PageRank citation ranking: bringing order to the web.},
  author={Page, Lawrence and Brin, Sergey and Motwani, Rajeev and Winograd, Terry},
  year={1999},
  publisher={Stanford InfoLab}
}

@inproceedings{yang2008visual,
  title={A visual-analytic toolkit for dynamic interaction graphs},
  author={Yang, Xintian and Asur, Sitaram and Parthasarathy, Srinivasan and Mehta, Sameep},
  booktitle={Proceedings of the 14th ACM SIGKDD international conference on Knowledge discovery and data mining},
  pages={1016--1024},
  year={2008},
  organization={ACM}
}